<record><leader>00000cas a22000007a 4500</leader><controlfield tag="001">43577809</controlfield><controlfield tag="008">000307d187818uuncuuu ne      0    0eng d</controlfield><datafield ind1=" " ind2=" " tag="010"><subfield code="a">sn 99061547 </subfield></datafield><datafield ind1=" " ind2=" " tag="040"><subfield code="a">NVJ</subfield><subfield code="b">eng</subfield><subfield code="c">NVJ</subfield><subfield code="d">OCLCO</subfield></datafield><datafield ind1="1" ind2=" " tag="029"><subfield code="a">AU@</subfield><subfield code="b">000021434927</subfield></datafield><datafield ind1=" " ind2=" " tag="042"><subfield code="a">msc</subfield></datafield><datafield ind1="0" ind2="4" tag="245"><subfield code="a">The Cool Spring pen.</subfield></datafield><datafield ind1=" " ind2=" " tag="260"><subfield code="a">Cool Spring, N.C. :</subfield><subfield code="b">E. Walter McIver,</subfield></datafield><datafield ind1=" " ind2=" " tag="300"><subfield code="a">v.</subfield></datafield><datafield ind1="0" ind2=" " tag="362"><subfield code="a">Vol. 1, no. 1 (Feb. 8, 1878)-</subfield></datafield><datafield ind1=" " ind2=" " tag="500"><subfield code="a">Newspaper is hand-written.</subfield></datafield><datafield ind1=" " ind2=" " tag="500"><subfield code="a">"Published at the Cool Spring Academy in [sic] behalf of the Cool Spring Debating Society and education generally."</subfield></datafield><datafield ind1=" " ind2=" " tag="515"><subfield code="a">Published "every once in a while."</subfield></datafield><datafield ind1=" " ind2="0" tag="651"><subfield code="a">Cool Spring (N.C.)</subfield><subfield code="v">Newspapers.</subfield></datafield><datafield ind1=" " ind2="0" tag="651"><subfield code="a">Iredell County (N.C.)</subfield><subfield code="v">Newspapers.</subfield></datafield><datafield ind1=" " ind2=" " tag="752"><subfield code="a">United States</subfield><subfield code="b">North Carolina</subfield><subfield code="c">Iredell</subfield><subfield code="d">Cool Spring.</subfield></datafield></record>